<?xml version="1.0" encoding="UTF-8"?><collection xmlns="http://www.loc.gov/MARC21/slim"><record><leader>00616nam--2200217-u-4500</leader><controlfield tag="001">000052942</controlfield><controlfield tag="002">20161230</controlfield><controlfield tag="005">20170101230540</controlfield><controlfield tag="008">101130s1000------------r-----000-0-eng-d</controlfield><datafield ind1=" " ind2=" " tag="020"><subfield code="a">0198520328</subfield></datafield><datafield ind1=" " ind2=" " tag="040"><subfield code="a">IFIN-HH</subfield></datafield><datafield ind1=" " ind2=" " tag="080"><subfield code="a">535.13:539.12:530.14</subfield></datafield><datafield ind1="1" ind2=" " tag="100"><subfield code="a">Pike, E. R</subfield><subfield code="e">frs</subfield></datafield><datafield ind1="1" ind2="0" tag="245"><subfield code="a">The quantum theory of radiation</subfield><subfield code="c">E.R. Pike frs; Sarben Sarkar</subfield></datafield><datafield ind1=" " ind2=" " tag="260"><subfield code="a">Oxford</subfield><subfield code="b">Calderon Press</subfield><subfield code="c">1995</subfield></datafield><datafield ind1=" " ind2=" " tag="300"><subfield code="a">342P</subfield></datafield><datafield ind1=" " ind2=" " tag="490"><subfield code="a">International Series Of Monographs On Physics</subfield><subfield code="v">Vol. 86</subfield></datafield><datafield ind1=" " ind2="0" tag="650"><subfield code="a">Quantum electronics</subfield></datafield><datafield ind1="1" ind2=" " tag="700"><subfield code="a">Sarkar, Sarben</subfield></datafield><datafield ind1=" " ind2=" " tag="852"><subfield code="a">81665</subfield><subfield code="c">535</subfield></datafield><datafield ind1=" " ind2=" " tag="CAT"><subfield code="a">SYS</subfield><subfield code="c">20170101</subfield><subfield code="h">230540</subfield></datafield></record></collection>